@article{luukkonen2011modelling,
  title={Modelling and control of quadcopter},
  author={Luukkonen, Teppo},
  journal={Independent research project in applied mathematics, Espoo},
  year={2011}
}

@phdthesis{landry2015planning,
  title={Planning and control for quadrotor flight through cluttered environments},
  author={Landry, Benoit and others},
  year={2015},
  school={Massachusetts Institute of Technology}
}

@inproceedings{richter2013polynomial,
  title={Polynomial trajectory planning for aggressive quadrotor flight in dense indoor environments},
  author={Richter, Charles and Bry, Adam and Roy, Nicholas},
  booktitle={Proceedings of the International Symposium on Robotics Research (ISRR)},
  year={2013}
}

@misc{crazyROS,
  title={ROS Driver for Bitcraze Crazyflie },
  author={Wolfgang Hoenig},
  URL={https://github.com/whoenig/crazyflie\_ros},
}

@misc{IRISMIT,
  title={ROS Driver for Bitcraze Crazyflie },
  author={Wolfgang Hoenig},
  URL={https://github.com/rdeits/iris-distro},
}

@misc{ABOUTROS,
  title={About ROS },
  URL={http://www.ros.org/about-ros/},
}

@misc{TUTORIALSROS,
  title={Tutorials ROS },
  URL={http://wiki.ros.org/ROS/Tutorials},
}

@article{tedrake2009lqr,
  title={LQR-Trees: Feedback motion planning on sparse randomized trees},
  author={Tedrake, Russ},
  year={2009},
  publisher={MIT Press}
}

@misc{L1control,
  title={L1 Tutorial },
  author={Naira Hovakimyan},
  URL={http://naira-hovakimyan.mechse.illinois.edu/l1-adaptive-control-tutorials/},
}

@inproceedings{huynh20141,
  title={L 1 adaptive control for quadcopter: Design and implementation},
  author={Huynh, Minh Quan and Zhao, Weihua and Xie, Lihua},
  booktitle={Control Automation Robotics \& Vision (ICARCV), 2014 13th International Conference on},
  pages={1496--1501},
  year={2014},
  organization={IEEE}
}

@misc{lavretsky2011projection,
  title={Projection operator in adaptive systems},
  author={Lavretsky, Eugene and Gibson, Travis E and Annaswamy, Anuradha M},
  journal={arXiv preprint arXiv:1112.4232},
  year={2011},
  publisher={eprint}
}

@inproceedings{cao2006design,
  title={Design and analysis of a novel L1 adaptive controller, Part I: Control signal and asymptotic stability},
  author={Cao, Chengyu and Hovakimyan, Naira},
  booktitle={American Control Conference, 2006},
  pages={3397--3402},
  year={2006},
  organization={IEEE}
}

@mastersthesis{Bouffard:EECS-2012-241,
    Author = {Bouffard, Patrick},
    Title = {On-board Model Predictive Control of a Quadrotor Helicopter: Design, Implementation, and Experiments},
    School = {EECS Department, University of California, Berkeley},
    Year = {2012},
    Month = {Dec},
    URL = {http://www.eecs.berkeley.edu/Pubs/TechRpts/2012/EECS-2012-241.html},
    Number = {UCB/EECS-2012-241},
    Abstract = {This report describes work in applying model predictive control (MPC)}
}

@article{mattingley2012cvxgen,
  title={CVXGEN: A code generator for embedded convex optimization},
  author={Mattingley, Jacob and Boyd, Stephen},
  journal={Optimization and Engineering},
  volume={13},
  number={1},
  pages={1--27},
  year={2012},
  publisher={Springer}
}