@article{luukkonen2011modelling,
  title={Modelling and control of quadcopter},
  author={Luukkonen, Teppo},
  journal={Independent research project in applied mathematics, Espoo},
  year={2011}
}

@phdthesis{landry2015planning,
  title={Planning and control for quadrotor flight through cluttered environments},
  author={Landry, Benoit and others},
  year={2015},
  school={Massachusetts Institute of Technology}
}

@inproceedings{richter2013polynomial,
  title={Polynomial trajectory planning for aggressive quadrotor flight in dense indoor environments},
  author={Richter, Charles and Bry, Adam and Roy, Nicholas},
  booktitle={Proceedings of the International Symposium on Robotics Research (ISRR)},
  year={2013}
}

@article{landryaggressive,
  title={Aggressive Quadrotor Flight through Cluttered Environments Using Mixed Integer Programming},
  author={Landry, Benoit and Deits, Robin and Florence, Peter R and Tedrake, Russ}
  URL={http://groups.csail.mit.edu/robotics-center/public_papers/Landry15b.pdf},
}

@misc{crazyROS,
  title={ROS Driver for Bitcraze Crazyflie },
  author={Wolfgang Hoenig},
  URL={https://github.com/whoenig/crazyflie\_ros},
}

@misc{IRISMIT,
  title={Iterative Regional Inflational Semidefinite Programming },
  author={Russ Tedrake},
  URL={https://github.com/rdeits/iris-distro},
}

@incollection{deits2015computing,
  title={Computing large convex regions of obstacle-free space through semidefinite programming},
  author={Deits, Robin and Tedrake, Russ},
  booktitle={Algorithmic Foundations of Robotics XI},
  pages={109--124},
  year={2015},
  publisher={Springer}
}


@misc{antonssonRPM2015,
  title={{Measuring propeller RPM - Part 3}},
  author={Tobias Antonsson},
  URL={https://www.bitcraze.io/2015/02/measuring-propeller-rpm-part-3/},
}

@misc{ABOUTROS,
  title={About ROS },
  URL={http://www.ros.org/about-ros/},
}

@misc{TUTORIALSROS,
  title={Tutorials ROS },
  URL={http://wiki.ros.org/ROS/Tutorials},
}

@misc{MPCtoolsLTH,
  title={MPCtools 1.0},
  URL={http://www.control.lth.se/Research/tools/mpctools.html},
  author={Johan Åkesson}
}

@misc{CVXgen2016,
  title={CVXGEN: Code Generation for Convex Optimization},
  URL={http://cvxgen.com/docs/index.html},
  author={CVXGEN}
}

@inproceedings{giselsson2014diagonal,
  title={Diagonal scaling in Douglas-Rachford splitting and ADMM},
  author={Giselsson, Pontus and Boyd, Stephen},
  booktitle={Decision and Control (CDC), 2014 IEEE 53rd Annual Conference on},
  pages={5033--5039},
  year={2014},
  organization={IEEE}
}

@inproceedings{gglr2015,
  author = "Augugliaro, Federico and Zarfati, Emanuele and Mirjan, Ammar and D'Andrea, Raffaello",
  title = "{K}not-tying with {F}lying {M}achines for {A}erial {C}onstruction",
  booktitle = "2015 IEEE/RSJ International Conference on Intelligent Robots and Systems (IROS)",
  year = 2015,
  pages = "5917--5922",
  address = "Piscataway, NJ",
  publisher = "IEEE",
}

@article{tedrake2009lqr,
  title={LQR-Trees: Feedback motion planning on sparse randomized trees},
  author={Tedrake, Russ},
  year={2009},
  publisher={MIT Press}
}

@misc{L1control,
  title={L1 Tutorial },
  author={Naira Hovakimyan},
  URL={http://naira-hovakimyan.mechse.illinois.edu/l1-adaptive-control-tutorials/},
}

@inproceedings{huynh20141,
  title={L 1 adaptive control for quadcopter: Design and implementation},
  author={Huynh, Minh Quan and Zhao, Weihua and Xie, Lihua},
  booktitle={Control Automation Robotics \& Vision (ICARCV), 2014 13th International Conference on},
  pages={1496--1501},
  year={2014},
  organization={IEEE}
}

@misc{lavretsky2011projection,
  title={Projection operator in adaptive systems},
  author={Lavretsky, Eugene and Gibson, Travis E and Annaswamy, Anuradha M},
  journal={arXiv preprint arXiv:1112.4232},
  year={2011},
  publisher={eprint}
}

@inproceedings{cao2006design,
  title={Design and analysis of a novel L1 adaptive controller, Part I: Control signal and asymptotic stability},
  author={Cao, Chengyu and Hovakimyan, Naira},
  booktitle={American Control Conference, 2006},
  pages={3397--3402},
  year={2006},
  organization={IEEE}
}

@mastersthesis{Bouffard:EECS-2012-241,
    Author = {Bouffard, Patrick},
    Title = {On-board Model Predictive Control of a Quadrotor Helicopter: Design, Implementation, and Experiments},
    School = {EECS Department, University of California, Berkeley},
    Year = {2012},
    Month = {Dec},
    URL = {http://www.eecs.berkeley.edu/Pubs/TechRpts/2012/EECS-2012-241.html},
    Number = {UCB/EECS-2012-241},
    Abstract = {This report describes work in applying model predictive control (MPC)}
}

@article{mattingley2012cvxgen,
  title={CVXGEN: A code generator for embedded convex optimization},
  author={Mattingley, Jacob and Boyd, Stephen},
  journal={Optimization and Engineering},
  volume={13},
  number={1},
  pages={1--27},
  year={2012},
  publisher={Springer}
}

@inproceedings{dikmen2009attitude,
  title={Attitude control of a quadrotor},
  author={Dikmen, {\.I}Can and Ar{\=\i}soy, Aydemir and Temelta{\c{s}}, Hakan},
  booktitle={Recent Advances in Space Technologies, 2009. RAST'09. 4th International Conference on},
  pages={722--727},
  year={2009},
  organization={IEEE}
}

@article{arulampalam2002tutorial,
  title={A tutorial on particle filters for online nonlinear/non-Gaussian Bayesian tracking},
  author={Arulampalam, M Sanjeev and Maskell, Simon and Gordon, Neil and Clapp, Tim},
  journal={Signal Processing, IEEE Transactions on},
  volume={50},
  number={2},
  pages={174--188},
  year={2002},
  publisher={IEEE}
}

@inproceedings{wan2000unscented,
  title={The unscented Kalman filter for nonlinear estimation},
  author={Wan, Eric A and Van Der Merwe, Ronell},
  booktitle={Adaptive Systems for Signal Processing, Communications, and Control Symposium 2000. AS-SPCC. The IEEE 2000},
  pages={153--158},
  year={2000},
  organization={Ieee}
}

@inproceedings{douc2005comparison,
  title={Comparison of resampling schemes for particle filtering},
  author={Douc, Randal and Capp{\'e}, Olivier},
  booktitle={Image and Signal Processing and Analysis, 2005. ISPA 2005. Proceedings of the 4th International Symposium on},
  pages={64--69},
  year={2005},
  organization={IEEE}
}

@inproceedings{hol2006resampling,
  title={On resampling algorithms for particle filters},
  author={Hol, Jeroen D and Schon, Thomas B and Gustafsson, Fredrik},
  booktitle={Nonlinear Statistical Signal Processing Workshop, 2006 IEEE},
  pages={79--82},
  year={2006},
  organization={IEEE}
}

@conference{HoenigMixedReality2015,
  Address = {Hamburg, Germany},
  Author = {Wolfgang Hoenig and Christina Milanes and Lisa Scaria and Thai Phan and Mark Bolas and Nora Ayanian},
  Booktitle = {IEEE/RSJ Intl Conf. Intelligent Robots and Systems},
  Month = {Sept},
  Pages = {5382 - 5387},
  Title = {Mixed Reality for Robotics},
  Year = {2015}}
  
@book{glad2000control,
  title={Control theory},
  author={Glad, Torkel and Ljung, Lennart},
  year={2000},
  publisher={CRC press}
}

@article{terejanu2008extended,
  title={Extended kalman filter tutorial},
  author={Terejanu, Gabriel A},
  journal={Online]. Disponible: http://users. ices. utexas. edu/\~{} terejanu/files/tutorialEKF. pdf},
  year={2008}
}


